% This file was created with JabRef 2.8.1.
% Encoding: Cp1252

@ARTICLE{Weijo2010-hy,
  title       = "{Wavelet formulation of the polarizable continuum model}",
  author      = "Weijo, Ville and Randrianarivony, Maharavo and Harbrecht,
                 Helmut and Frediani, Luca",
  affiliation = "Centre for Theoretical and Computational Chemistry, Department
                 of Chemistry, University of Troms\o{}, N-9037 Troms\o{},
                 Norway.",
  journal     = "J. Comput. Chem.",
  volume      =  31,
  number      =  7,
  pages       = "1469--1477",
  month       =  may,
  year        =  2010,
  keywords    = "algorithms; galerkin methods; interpolation; linear
                 complexity; solvent effect; sparse operators; wavelets",
  issn        = "0192-8651, 1096-987X",
  pmid        = "19834886",
  doi         = "10.1002/jcc.21431"
}

@ARTICLE{Harbrecht2009-no,
  title     = "{Wavelet BEM on molecular surfaces: parametrization and
               implementation}",
  author    = "Harbrecht, Helmut and Randrianarivony, Maharavo",
  journal   = "Computing",
  publisher = "Springer Vienna",
  volume    =  86,
  number    =  1,
  pages     = "1--22",
  month     =  "29~" # jul,
  year      =  2009,
  keywords  = "2000; 65n38; 65t60; 92e20; boundary element method; mathematics
               subject classification; polarizable continuum model; wavelets",
  issn      = "0144-3097",
  doi       = "10.1007/s00607-009-0050-y"
}

@ARTICLE{Harbrecht2011-dk,
  title     = "{Wavelet BEM on molecular surfaces: solvent excluded surfaces}",
  author    = "Harbrecht, H and Randrianarivony, M",
  journal   = "Computing",
  publisher = "Springer Vienna",
  volume    =  92,
  number    =  4,
  pages     = "335--364",
  month     =  "4~" # mar,
  year      =  2011,
  keywords  = "2000; 65n38; 65t60; 92e20; boundary element method; geometric
               modeling; mathematics subject classification; molecular surface;
               quantum chemistry; wavelets",
  issn      = "0144-3097",
  doi       = "10.1007/s00607-011-0147-y"
}

@ARTICLE{Harbrecht2006-ug,
  title   = "{Wavelet Galerkin Schemes for Boundary Integral
             Equations---Implementation and Quadrature}",
  author  = "Harbrecht, Helmut and Schneider, Reinhold",
  journal = "SIAM J. Sci. Comput.",
  volume  =  27,
  number  =  4,
  pages   = "1347--1370",
  year    =  2006,
  eprint  = "http://dx.doi.org/10.1137/S1064827503429387",
  issn    = "1064-8275",
  doi     = "10.1137/S1064827503429387"
}

@ARTICLE{Dahmen2006-pj,
  title    = "{Compression Techniques for Boundary Integral
              Equations---Asymptotically Optimal Complexity Estimates}",
  author   = "Dahmen, Wolfgang and Harbrecht, Helmut and Schneider, Reinhold",
  journal  = "SIAM J. Numer. Anal.",
  volume   =  43,
  number   =  6,
  pages    = "2251--2271",
  month    =  jan,
  year     =  2006,
  keywords = "10; 1137; 47a20; 65f10; 65f50; 65n38; 65r20; a posteriori
              compression; ams subject classifications; asymptotic complexity
              estimates; doi; first and second compres-; multilevel
              preconditioning; norm equivalences; s0036142903428852; sion;
              wavelets",
  issn     = "0036-1429",
  doi      = "10.1137/S0036142903428852"
}

@ARTICLE{Harbrecht2004-uo,
  title     = "{Biorthogonal wavelet bases for the boundary element method}",
  author    = "Harbrecht, Helmut and Schneider, Reinhold",
  journal   = "Math. Nachr.",
  publisher = "WILEY-VCH Verlag",
  volume    = "269-270",
  number    =  1,
  pages     = "167--188",
  month     =  "1~" # jun,
  year      =  2004,
  keywords  = "Biorthogonal wavelet bases; norm equivalences; cancellation
               property; boundary integral equations; wavelet Galerkin schemes",
  issn      = "0025-584X, 1522-2616",
  doi       = "10.1002/mana.200310171"
}

@Article{Whiffen1978,
  Title                    = {{Expression of Results in Quantum Chemistry}},
  Author                   = {{W}hiffen, {D}. {H}.},
  Journal                  = {{P}ure {A}ppl. {C}hem.},
  Year                     = {1978},
  Pages                    = {75--79},
  Volume                   = {50}
}

@ARTICLE{Mohr2012-zc,
  title     = "{CODATA recommended values of the fundamental physical constants:
               2010}",
  author    = "Mohr, Peter J and Taylor, Barry N and Newell, David B",
  journal   = "Rev. Mod. Phys.",
  publisher = "American Physical Society",
  volume    =  84,
  number    =  4,
  pages     = "1527",
  month     =  "13~" # nov,
  year      =  2012,
  issn      = "0034-6861",
  doi       = "10.1103/RevModPhys.84.1527"
}

