@ARTICLE{DiRemigio2016-nn,
  title       = {{A Polarizable Continuum Model for Molecules at Spherical
                 Diffuse Interfaces}},
  author      = "Di Remigio, Roberto and Mozgawa, Krzysztof and Cao, Hui and
                 Weijo, Ville and Frediani, Luca",
  journal     = "J. Chem. Phys.",
  volume      =  144,
  number      =  12,
  pages       = "124103",
  month       =  "28~" # mar,
  year        =  2016,
  issn        = "0021-9606, 1089-7690",
  pmid        = "27036423",
  doi         = "10.1063/1.4943782"
}

@ARTICLE{Bugeanu2015-tp,
  title     = {{Wavelet Formulation of the Polarizable Continuum Model. {II}.
               Use of Piecewise Bilinear Boundary Elements}},
  author    = "Bugeanu, Monica and Di Remigio, Roberto and Mozgawa, Krzysztof
               and Reine, Simen Sommerfelt and Harbrecht, Helmut and Frediani,
               Luca",
  journal   = "Phys. Chem. Chem. Phys.",
  publisher = "Royal Society of Chemistry",
  volume    =  17,
  number    =  47,
  pages     = "31566--31581",
  year      =  2015,
  issn      = "1463-9076",
  pmid      = "26256401",
  doi       = "10.1039/C5CP03410H"
}

@ARTICLE{DiRemigio2015-ou,
  title       = {{Four-Component Relativistic Calculations in Solution with the
                 Polarizable Continuum Model of Solvation: Theory,
                 Implementation, and Application to the Group 16 Dihydrides
                 $\mathrm{H}_2\mathrm{X}$ $(\mathrm{X = O, S, Se, Te, Po})$}},
  author      = "Di Remigio, Roberto and Bast, Radovan and Frediani, Luca and
                 Saue, Trond",
  journal     = "J. Phys. Chem. A",
  volume      =  119,
  number      =  21,
  pages       = "5061--5077",
  month       =  "28~" # may,
  year        =  2015,
  issn        = "1089-5639, 1520-5215",
  pmid        = "25412410",
  doi         = "10.1021/jp507279y"
}

@Unpublished{pcm-openrsp,
  author = {Di Remigio, Roberto and Beerepoot, Maarten T. P. and Cornaton, Yann and Ringholm, Magnus and Steindal, Arnfinn H. and Ruud, Kenneth and Frediani, Luca},
  title = {{Open-Ended Formulation of Self-Consistent Field Response Theory with the Polarizable Continuum Model for Solvation}},
  note = {In preparation for submission to \textit{Phys.~Chem.~Chem.~Phys.}}
}

@Unpublished{pcm-respect,
  title = {{Four-Component Relativistic Density Functional Theory with the Polarizable Continuum Model: Application to EPR Parameters and Paramagnetic NMR Shifts}},
  author = {Di Remigio, Roberto and Repisky, Michal and Komorovsky, Stanislav and Hrobarik, Peter and Frediani, Luca and Ruud, Kenneth},
  note = {Accepted for publication in \textit{Mol.~Phys.}},
  doi = "10.1080/00268976.2016.1239846"
}
